<?xml version="1.0" encoding="UTF-8"?><collection xmlns="http://www.loc.gov/MARC21/slim"><record><leader>00416nam--2200133-i-4500</leader><controlfield tag="001">000021679</controlfield><controlfield tag="002">20161230</controlfield><controlfield tag="005">20161230201034</controlfield><controlfield tag="008">060222s1000------------r-----000-0-eng-d</controlfield><datafield ind1=" " ind2=" " tag="100"><subfield code="a">Hasanen Rauno, Vaino Hovi</subfield></datafield><datafield ind1=" " ind2=" " tag="245"><subfield code="a">On the velocity of aound and the second virial coefficient in o2</subfield></datafield><datafield ind1=" " ind2=" " tag="260"><subfield code="a">Helsinki, Suomalainen Tiedeakatemia, 1959. 5 P</subfield></datafield><datafield ind1=" " ind2=" " tag="490"><subfield code="a">Ann.Acad. Scient. Fennicae. Vi. Physica, 35</subfield></datafield><datafield ind1=" " ind2=" " tag="852"><subfield code="a">6361</subfield></datafield></record></collection>